% Encoding: UTF-8

@Article{SCHILL2015259,
  author   = {Christian Schill and Stefan Brachmann and Michael Koehl},
  title    = {Impact of soiling on IV-curves and efficiency of PV-modules},
  journal  = {Solar Energy},
  year     = {2015},
  volume   = {112},
  pages    = {259 - 262},
  issn     = {0038-092X},
  doi      = {https://doi.org/10.1016/j.solener.2014.12.003},
  url      = {http://www.sciencedirect.com/science/article/pii/S0038092X1400591X},
  keywords = {Soiling, PV-modules, In-situ-monitoring, -curves},
}

@InProceedings{aliaga2016experimental,
  author       = {Aliaga, Rodrigo and Mu{\~n}oz, Javier and Cadena, Fausto and Cossuta, Pablo and Aguirre, Miguel and Mor{\'a}n, Luis},
  title        = {Experimental implementation of an electronic load for global maximum power point tracking},
  booktitle    = {Power Electronics Conference (SPEC), IEEE Annual Southern},
  year         = {2016},
  organization = {IEEE},
  pages        = {1--6},
}

@Article{WILLOUGHBY2018171,
  author   = {Alexander A. Willoughby and Muritala O. Osinowo},
  title    = {Development of an electronic load I-V curve tracer to investigate the impact of Harmattan aerosol loading on PV module pern2tkformance in southwest Nigeria},
  journal  = {Solar Energy},
  year     = {2018},
  volume   = {166},
  pages    = {171 - 180},
  issn     = {0038-092X},
  doi      = {https://doi.org/10.1016/j.solener.2018.03.047},
  url      = {http://www.sciencedirect.com/science/article/pii/S0038092X18302792},
  keywords = {Photovoltaic module, I-V/P-V characteristics, MOSFET electronic load, I-V curve tracer, Arduino, Aerosol, PV soiling},
}

@Article{BRESSAN20161181,
  author   = {M. Bressan and Y. El Basri and A.G. Galeano and C. Alonso},
  title    = {A shadow fault detection method based on the standard error analysis of I-V curves},
  journal  = {Renewable Energy},
  year     = {2016},
  volume   = {99},
  pages    = {1181 - 1190},
  issn     = {0960-1481},
  doi      = {https://doi.org/10.1016/j.renene.2016.08.028},
  url      = {http://www.sciencedirect.com/science/article/pii/S0960148116307297},
  keywords = {Thermal dissipation, I-V curves analysis, Shading problems, First derivative calculation, Fault detection},
}

@Article{martin2017temperature,
  author  = {Martin, Libra and Vladislav, Poulek and Pavel, Kou{\v{r}}{\'\i}m},
  title   = {Temperature changes of IV characteristics of photovoltaic cells as a consequence of the Fermi energy level shift},
  journal = {Research in Agricultural Engineering},
  year    = {2017},
  volume  = {63},
  number  = {1},
  pages   = {10--15},
}

@Comment{jabref-meta: databaseType:biblatex;}
